@article{HP2011,
author = {{Holland}, T. J. B. and {Powell}, R.},
title = {An improved and extended internally consistent thermodynamic dataset for phases of petrological interest, involving a new equation of state for solids},
journal = {Journal of Metamorphic Geology},
volume = {29},
number = {3},
publisher = {Blackwell Publishing Ltd},
issn = {1525-1314},
doi = {10.1111/j.1525-1314.2010.00923.x},
pages = {333--383},
keywords = {equation of state, internally consistent dataset, thermodynamic data},
year = {2011}
}

@ARTICLE{Myhill2016,
   author = {{Myhill}, R. and {Ojwang}, D.~O. and {Ziberna}, L. and {Frost}, D.~J. and 
	{Ballaran}, T.~B. and {Miyajima}, N.},
    title = "{On the P-T-$f$O$_{2}$ stability of Fe$_{4}$O$_{5}$, Fe$_{5}$O$_{6}$ and Fe$_{4}$O$_{5}$-rich solid solutions}",
  journal = {Contributions to Mineralogy and Petrology},
     year = 2016,
    month = may,
   volume = 171,
      eid = {51},
    pages = {51},
      doi = {10.1007/s00410-016-1258-4},
   adsurl = {http://adsabs.harvard.edu/abs/2016CoMP..171...51M},
  adsnote = {Provided by the SAO/NASA Astrophysics Data System}
}
